<collection xmlns="http://www.loc.gov/MARC21/slim">
<record>
  <leader>02459nam0a2200457 i 450 </leader>
  <controlfield tag="001">IT\ICCU\CNCE\035269</controlfield>
  <controlfield tag="005">20110301000000.0</controlfield>
  <datafield tag="012" ind1=" " ind2=" ">
    <subfield code="a">n-r- 99s- roo- coQu (3) 1582 (A)</subfield>
    <subfield code="2">fei</subfield>
  </datafield>
  <datafield tag="100" ind1=" " ind2=" ">
    <subfield code="a">19980109d1582        0itac0103    ba</subfield>
  </datafield>
  <datafield tag="101" ind1=" " ind2=" ">
    <subfield code="a">ITA</subfield>
  </datafield>
  <datafield tag="102" ind1=" " ind2=" ">
    <subfield code="a">IT</subfield>
  </datafield>
  <datafield tag="200" ind1="1" ind2=" ">
    <subfield code="a">Della metamorfosi cioe trasformatione del virtuoso. Libri quattro. Di Lorenzo Selva pistolese</subfield>
  </datafield>
  <datafield tag="210" ind1=" " ind2=" ">
    <subfield code="a">In Oruieto</subfield>
    <subfield code="c">appresso Rosato Tintinnassi</subfield>
    <subfield code="d">1582</subfield>
    <subfield code="e">In Oruieto</subfield>
    <subfield code="g">nella stamperia di Rosato Tintinnassi</subfield>
    <subfield code="h">1582</subfield>
  </datafield>
  <datafield tag="215" ind1=" " ind2=" ">
    <subfield code="a">\12!, 319, \1! p.</subfield>
    <subfield code="d">4ʻ</subfield>
  </datafield>
  <datafield tag="620" ind1=" " ind2=" ">
    <subfield code="a">IT</subfield>
    <subfield code="d">Orvieto</subfield>
  </datafield>
  <datafield tag="700" ind1=" " ind2="1">
    <subfield code="a">Marcellino,</subfield>
    <subfield code="b">Evangelista</subfield>
    <subfield code="3">IT\ICCU\CNCA\007726</subfield>
  </datafield>
  <datafield tag="712" ind1="0" ind2="0">
    <subfield code="a">Tintinnassi, Rosato</subfield>
    <subfield code="3">IT\ICCU\CNCT\001012</subfield>
    <subfield code="4">650</subfield>
  </datafield>
  <datafield tag="790" ind1=" " ind2="1">
    <subfield code="a">Selva,</subfield>
    <subfield code="b">Lorenzo</subfield>
    <subfield code="3">IT\ICCU\CNCA\008576</subfield>
    <subfield code="z">Marcellino, Evangelista</subfield>
  </datafield>
  <datafield tag="790" ind1=" " ind2="1">
    <subfield code="a">Gerbi,</subfield>
    <subfield code="b">Lorenzo</subfield>
    <subfield code="3">IT\ICCU\CNCA\014115</subfield>
    <subfield code="z">Marcellino, Evangelista</subfield>
  </datafield>
  <datafield tag="790" ind1=" " ind2="0">
    <subfield code="a">Evangelista</subfield>
    <subfield code="c"> : da#S. Marcello</subfield>
    <subfield code="3">IT\ICCU\CNCA\014571</subfield>
    <subfield code="z">Marcellino, Evangelista</subfield>
  </datafield>
  <datafield tag="790" ind1=" " ind2="1">
    <subfield code="a">Marcelli,</subfield>
    <subfield code="b">Evangelista</subfield>
    <subfield code="3">IT\ICCU\CNCA\021105</subfield>
    <subfield code="z">Marcellino, Evangelista</subfield>
  </datafield>
  <datafield tag="801" ind1=" " ind2="3">
    <subfield code="a">IT</subfield>
    <subfield code="b">ICCU</subfield>
    <subfield code="c">20201114</subfield>
  </datafield>
  <datafield tag="899" ind1=" " ind2=" ">
    <subfield code="a">Biblioteca civica A. Mai. Bergamo</subfield>
    <subfield code="1">BG0026</subfield>
    <subfield code="2">LO1 02</subfield>
  </datafield>
  <datafield tag="899" ind1=" " ind2=" ">
    <subfield code="a">Biblioteca universitaria. Cagliari</subfield>
    <subfield code="z">MUTILO</subfield>
    <subfield code="1">CA0194</subfield>
    <subfield code="2">CAG UC</subfield>
  </datafield>
  <datafield tag="899" ind1=" " ind2=" ">
    <subfield code="a">Biblioteca comunale. Como</subfield>
    <subfield code="1">CO0059</subfield>
    <subfield code="2">ZCO 01</subfield>
  </datafield>
  <datafield tag="899" ind1=" " ind2=" ">
    <subfield code="a">Biblioteca Apostolica Vaticana. Citt ̉del Vaticano</subfield>
    <subfield code="1">EX0001</subfield>
    <subfield code="2">ZCV 01</subfield>
  </datafield>
  <datafield tag="899" ind1=" " ind2=" ">
    <subfield code="a">Biblioteca nazionale centrale. Firenze</subfield>
    <subfield code="1">FI0098</subfield>
    <subfield code="2">CFI CF</subfield>
  </datafield>
  <datafield tag="899" ind1=" " ind2=" ">
    <subfield code="a">Biblioteca della Societ ̉economica. Chiavari</subfield>
    <subfield code="1">GE0011</subfield>
    <subfield code="2">LI3 30</subfield>
  </datafield>
  <datafield tag="899" ind1=" " ind2=" ">
    <subfield code="a">Biblioteca Estense Universitaria. Modena</subfield>
    <subfield code="1">MO0089</subfield>
    <subfield code="2">MOD BE</subfield>
  </datafield>
  <datafield tag="899" ind1=" " ind2=" ">
    <subfield code="a">Biblioteca comunale Forteguerriana. Pistoia</subfield>
    <subfield code="1">PT0025</subfield>
    <subfield code="2">RT1 IE</subfield>
  </datafield>
  <datafield tag="899" ind1=" " ind2=" ">
    <subfield code="a">Biblioteca della Fondazione Marco Besso. Roma</subfield>
    <subfield code="1">RM0211</subfield>
    <subfield code="2">RML 14</subfield>
  </datafield>
  <datafield tag="899" ind1=" " ind2=" ">
    <subfield code="a">Biblioteca nazionale centrale. Roma</subfield>
    <subfield code="1">RM0267</subfield>
    <subfield code="2">BVE CR</subfield>
  </datafield>
  <datafield tag="899" ind1=" " ind2=" ">
    <subfield code="a">Biblioteca Casanatense. Roma</subfield>
    <subfield code="1">RM0313</subfield>
    <subfield code="2">RML 07</subfield>
  </datafield>
  <datafield tag="899" ind1=" " ind2=" ">
    <subfield code="a">Biblioteca comunale. Montepulciano</subfield>
    <subfield code="1">SI0024</subfield>
    <subfield code="2">RT1 QQ</subfield>
  </datafield>
  <datafield tag="899" ind1=" " ind2=" ">
    <subfield code="a">Biblioteca diocesana mons. Alessandro Piazza. Albenga</subfield>
    <subfield code="1">SV0226</subfield>
    <subfield code="2">PBE Q8</subfield>
  </datafield>
  <datafield tag="899" ind1=" " ind2=" ">
    <subfield code="a">Fondazione Biblioteca S. Bernardino. Trento</subfield>
    <subfield code="1">TN0122</subfield>
    <subfield code="2">ZTN 18</subfield>
  </datafield>
  <datafield tag="899" ind1=" " ind2=" ">
    <subfield code="a">Nuova biblioteca pubblica Luigi Fumi. Orvieto</subfield>
    <subfield code="1">TR0022</subfield>
    <subfield code="2">UM1 06</subfield>
  </datafield>
  <datafield tag="899" ind1=" " ind2=" ">
    <subfield code="a">Biblioteca dell&apos;Opera del Duomo di Orvieto. Orvieto</subfield>
    <subfield code="1">TR0023</subfield>
    <subfield code="2">ZTR 05</subfield>
  </datafield>
  <datafield tag="899" ind1=" " ind2=" ">
    <subfield code="a">British Library. London</subfield>
    <subfield code="1">UK0001</subfield>
  </datafield>
  <datafield tag="911" ind1=" " ind2=" ">
    <subfield code="a">In fine</subfield>
    <subfield code="9">IT\ICCU\CNCM\000812</subfield>
  </datafield>
  <datafield tag="921" ind1=" " ind2=" ">
    <subfield code="a">IT\ICCU\CNCM\000812</subfield>
    <subfield code="b">Fumo che si leva verso il sole in paesaggio con alberi. In cornice figurata.</subfield>
    <subfield code="e">Et caelum terrena petunt</subfield>
    <subfield code="c">T31</subfield>
    <subfield code="f">FUMO</subfield>
    <subfield code="f">SOLE</subfield>
    <subfield code="g">1582-1595</subfield>
  </datafield>
</record>
</collection>
